@article{nerbonne2003introducing,
  title={Introducing computational techniques in dialectometry},
  author={Nerbonne, John and Kretzschmar, William},
  journal={Computers and the Humanities},
  volume={37},
  pages={245--255},
  year={2003},
  publisher={Springer}
}

@article{nerbonne2006progress,
  title={Progress in dialectometry: toward explanation},
  author={Nerbonne, John and Kretzschmar, William},
  journal={Literary and Linguistic Computing},
  volume={21},
  number={4},
  pages={387--397},
  year={2006},
  publisher={EADH: The European Association for Digital Humanities}
}
